<record><leader>00000cas a2200000 a 4500</leader><controlfield tag="001">25065672</controlfield><controlfield tag="008">920108d19131954iluwr ne      0   a0eng c</controlfield><datafield ind1=" " ind2=" " tag="010"><subfield code="a">sn 91054808 </subfield></datafield><datafield ind1=" " ind2=" " tag="040"><subfield code="a">NVF</subfield><subfield code="b">eng</subfield><subfield code="c">NVF</subfield><subfield code="d">OCLCQ</subfield><subfield code="d">NVF</subfield><subfield code="d">OCLCQ</subfield><subfield code="d">OCLCF</subfield><subfield code="d">OCLCO</subfield><subfield code="d">NVF</subfield></datafield><datafield ind1=" " ind2=" " tag="042"><subfield code="a">pcc</subfield></datafield><datafield ind1=" " ind2=" " tag="043"><subfield code="a">n-us-il</subfield></datafield><datafield ind1="0" ind2=" " tag="130"><subfield code="a">Carrollton patriot (Carrollton, Ill. : 1913)</subfield></datafield><datafield ind1="1" ind2="4" tag="245"><subfield code="a">The Carrollton patriot.</subfield></datafield><datafield ind1=" " ind2=" " tag="260"><subfield code="a">Carrollton, Ill. :</subfield><subfield code="b">Chas. Bradshaw,</subfield><subfield code="c">1913-1954.</subfield></datafield><datafield ind1=" " ind2=" " tag="300"><subfield code="a">v.</subfield></datafield><datafield ind1=" " ind2=" " tag="310"><subfield code="a">Weekly</subfield></datafield><datafield ind1="0" ind2=" " tag="362"><subfield code="a">July 10, 1913-Aug. 20, 1954.</subfield></datafield><datafield ind1=" " ind2=" " tag="580"><subfield code="a">Merged with: Carrollton gazette (Carrollton, Ill.), to form: Carrollton gazette-patriot.</subfield></datafield><datafield ind1=" " ind2="0" tag="651"><subfield code="a">Carrollton (Ill.)</subfield><subfield code="v">Newspapers.</subfield></datafield><datafield ind1=" " ind2="7" tag="651"><subfield code="a">Illinois</subfield><subfield code="z">Carrollton.</subfield><subfield code="2">fast</subfield><subfield code="0">(OCoLC)fst01238088</subfield></datafield><datafield ind1=" " ind2="7" tag="655"><subfield code="a">Newspapers.</subfield><subfield code="2">fast</subfield><subfield code="0">(OCoLC)fst01423814</subfield></datafield><datafield ind1=" " ind2=" " tag="752"><subfield code="a">United States</subfield><subfield code="b">Illinois</subfield><subfield code="c">Greene County</subfield><subfield code="d">Carrollton.</subfield></datafield><datafield ind1="0" ind2="0" tag="780"><subfield code="t">Patriot (Carrollton, Ill.)</subfield><subfield code="w">(DLC)sn 91054762</subfield><subfield code="w">(OCoLC)25065597</subfield></datafield><datafield ind1="1" ind2="7" tag="785"><subfield code="t">Carrollton gazette (Carrollton, Ill.)</subfield><subfield code="w">(DLC)sn 84038370</subfield><subfield code="w">(OCoLC)11285089</subfield></datafield><datafield ind1="1" ind2="7" tag="785"><subfield code="t">Carrollton gazette-patriot</subfield><subfield code="w">(DLC)sn 91054761</subfield><subfield code="w">(OCoLC)25065764</subfield></datafield><datafield ind1="1" ind2=" " tag="029"><subfield code="a">AU@</subfield><subfield code="b">000025876038</subfield></datafield></record>